@article{Karp,
    author  = "R. M. Karp.",
    title   = "Complexity of Computer Computations",
    year    = "1972",
    journal = "Springer",
    pages   = "85-103"
}

@article{Boussaïd,
    author  = "Boussa¨ıd, J. Lepagnot, P. Siarry and others",
    title   = "A survey on optimization metaheuristics",
    year    = "2013",
    journal = "Information Sciences",
    volume  = "237",
    pages   = "82-117"
}

@article{Hertz,
    author = "Hertz A., & de Werra D.",
    title = "The tabu search metaheuristic: How we used it.",
    journal = "Annals of Mathematics and Artificial Intelligence",
    volume = "1",
    page = "111–121",
    year = "1990"
}

@article{Farhi,
    author = "Farhi E., Goldstone J.,and others",
    title = "A quantum approximate optimization algorithm",
    journal = "arXiv, 2014",
    year = "2014"
}

@article{dosSantos2014,
  author = {dos Santos, J. P. Q. and de Melo, J. D. and Neto, A. D. D. and Aloise, D.},
  title = {Reactive search strategies using reinforcement learning, local search algorithms and variable neighborhood search},
  journal = {Expert Systems with Applications},
  volume = {41},
  number = {10},
  pages = {4939--4949},
  year = {2014},
  publisher = {Elsevier}
}

@article{Nina,
    author = "Nina Mazyavkina, Sergey Sviridov, Sergei Ivanov, and Evgeny Burnaev",
    title = "Reinforcement learning for combinatorial optimization: A Survey",
    journal = "Computers & Operations Research",
    volume = "134",
    pages = "105400",
    year = "2021"
}

@inproceedings{Zhuwen,
  author    = {Zhuwen Li, Qifeng Chen and Vladlen Koltun},
  title     = {Combinatorial optimization with graph convolutional networks and guided tree search},
  booktitle = {Advances in Neural Information Processing Systems (NeurIPS)},
  volume    = {31},
  year      = {2018}
}

@inproceedings{Haoran,
  author    = {Ye H., Wang J., Cao Z., Liang H. and Li Y.},
  title     = {Deep-ACO: Neural-enhanced Ant Systems for Combinatorial Optimization},
  booktitle = {Advances in Neural Information Processing Systems (NeurIPS)},
  year      = {2023}
}

@article{Xin,
    author = "Liang Xin, Wen Song, and others",
    title = "NeuroLKH: Combining Deep Learning Model with Lin-Kernighan-Helsgaun Heuristic for Solving the Traveling Salesman Problem",
    journal = "Advances in Neural Information Processing Systems (NeurIPS)",
    year = "2021"
}

@article{Qiu,
    author = "Ruizhong Qiu, Zhiqing Sun, and others",
    title = "DIMES: A Differentiable Meta Solver for Combinatorial Optimization Problems",
    journal = "Advances in Neural Information Processing Systems (NeurIPS)",
    year = "2022"
}

@article{Rosa,
  author    = {de la Rosa-Rivera, F. and Nunez-Varela, J. I. and Ortiz-Bayliss, J. C. and Terashima-Mar{\'i}n, H.},
  title     = {Algorithm selection for solving educational timetabling problems},
  journal   = {Expert Systems with Applications},
  volume    = {174},
  pages     = {114694},
  year      = {2021}
}

@article{Talbi,
    author = "Talbi E.-G., and others",
    title = "Machine learning into metaheuristics: A survey and taxonomy of data-driven metaheuristics",
    journal = "Working paper",
    year = "2020"
}

@article{Zhang,
    author = "Jiayi Zhang, Chang Liu, Xijun Li, Hui-Ling Zhen, Mingxuan Yuan, Yawen Li, and Junchi Yan",
    title = "A Survey for Solving Mixed Integer Programming via Machine Learning",
    journal = "Neurocomputing",
    year = "2022"
}

@article{Ahmed,
    author = "Ahmed Kafafy, Asmaa Awaad, Nancy El-Hefnawy, and others",
    title = "Multi-level Hyper-Heuristic for Combinatorial Optimization Problems",
    journal = "The Intelligent Networks and Systems Society",
    year = "2022"
}

@article{Maryam,
    author = "Maryam Karimi-Mamaghan, Mehrdad Mohammadi, Patrick Meyer, and others",
    title = "Machine learning at the service of meta-heuristics for solving combinatorial optimization problems: A state-of-the-art",
    journal = "European Journal of Operational Research",
    volume = "296",
    page = "393-422",
    year = "2021"
}

@article{CongSong,
    author = "Congsong Zhang, Yong Gao, and others",
    title = "Learning Branching Heuristics from Graph
Neural Networks",
    journal = "arXiv, 2022",
    year = "2022"
}

@article{Romera,
    author = "Bernardino Romera-Paredes, Mohammadamin Barekatain, Alexander Novikov, and others",
    title = "Mathematical discoveries from program search with large language models",
    journal = "Nature",
    year = "2023"
}

@inproceedings{Khalil,
  title={Learning Combinatorial Optimization Algorithms over Graphs},
  author={Elias B. Khalil, Dai Hanjun, Zhang Yuyu, and others},
  booktitle={Advances in Neural Information Processing Systems (NeurIPS)},
  year={2017}
}

@article{Ankur,
    author = "Ankur Nath, and Alan Kuhnle",
    title = "A Benchmark for Maximum Cut: Towards Standardization of the Evaluation of Learned Heuristics for Combinatorial Optimization",
    journal = "arXiv, 2024",
    year = "2024"
}

@article{Ye,
    author = "Ye H., Wang J., Cao Z., Federico Berto, and others",
    title = "ReEvo: Large Language Models as Hyper-Heuristics
with Reflective Evolution",
    journal = "Advances in Neural Information Processing Systems (NeurIPS)",
    year = "2024"
}

@article{darvariu,
  title={Graph Reinforcement Learning for Combinatorial Optimization: A Survey and Unifying Perspective},
  author={Darvariu Victor-Alexandru, Hailes Stephen, and Musolesia Mirco},
  journal={Transactions on Machine Learning Research},
  year={2024},
}

@inproceedings{Hou,
  title={Generalize Learned Heuristics to Solve Large-scale Vehicle Routing Problems in Real-time},
  author={Hou Qingchun, Yang Jingwei, Su Yiqiang, Wang Xiaoqing and Deng Yuming},
  booktitle={Proceedings of the International Conference on Learning Representations (ICLR)},
  year={2023}
}

@inproceedings{Jiwei,
  title={Learning to Prune Instances of Steiner Tree Problem in Graph},
  author={Zhang Jiwei, Tayebi Dena, Ray Saurabh and Ajwani Deepak},
  booktitle={INOC},
  year={2024}
}

@article{Liu,
    author = "F. Liu, X. Tong, M. Yuan, X. Lin, and others",
    title = "Evolution of heuristics: Towards efficient automatic algorithm design using large language mode.",
    journal = "International Conference on Machine Learning (ICML)",
    year = "2024"
}

@article{Juho,
  title={Learning fine-grained search space pruning and heuristics for combinatorial optimization},
  author={Lauri Juho, Dutta Sourav, Grassia Marco and Ajwani Deepak},
  journal={Journal of Heuristics},
  volume={29},
  pages={313--347},
  year={2023},
  publisher={Springer}
}

@inproceedings{Shen,
  author    = {Shen Yunzhuang, Sun Yuan, Eberhard Andrew and Li Xiaodong},
  title     = {Learning Primal Heuristics for Mixed Integer Programs},
  booktitle = {International Joint Conference on Neural Networks (IJCNN)},
  year      = {2021}
}

@misc{Scavuzzo,
      title={Machine Learning Augmented Branch and Bound for Mixed Integer Linear Programming}, 
      author={Lara Scavuzzo and Karen Aardal and Andrea Lodi and Neil Yorke-Smith},
      year={2024},
      eprint={2402.05501},
      archivePrefix={arXiv},
      primaryClass={math.OC},
      url={https://arxiv.org/abs/2402.05501}, 
}

@article{Hendel,
  author = {Gregor Hendel},
  title = {Adaptive Large Neighborhood Search for Mixed Integer Programming},
  journal = {Mathematical Programming Computation},
  volume = {14},
  number = {2},
  pages = {185--221},
  year = {2022}
}

@article{Edmund,
    author = "Edmund K. Burke, Matthew Hyde, Graham Kendall, and others",
    title = "A Classification of Hyper-heuristic Approaches",
    booktitle = "Handbook of Metaheuristics",
    editor    = "Michel Gendreau and Jean-Yves Potvin",
    series    = "International Series in Operations Research \& Management Science",
    volume    = "146",
    pages     = "449-468",
    year      = "2010",
    publisher = "Springer",
}

@article{Gabriel,
    author = "Gabriel Duflo, Emmanuel Kieffer, Matthias R. Brust, and others",
    title = "A GP Hyper-Heuristic Approach for Generating TSP Heuristics",
    journal = "2019 IEEE International Parallel and Distributed Processing
Symposium Workshops (IPDPSW)",
    page = "521-529",
    year = "2019"
}

@article{Quentin,
    author = "Quentin Cappart, Didier Ch´etelat, Elias B. Khalil and others",
    title = "Combinatorial Optimization and Reasoning with Graph Neural Networks",
    journal = "International Joint Conference on Artificial Intelligence",
    year = "2021"
}

@article{Geisler,
    author = "S. Geisler et al.",
    title = "Generalization of neural combinatorial solvers through the lens of adversarial robustness",
    journal = "International Conference on Learning Representations",
    year = "2022"
}

@article{Wang,
    author = "R. Wang et al.",
    title = "Neural Graph Matching Network: Learning Lawler's Quadratic Assignment Problem with Extension to Hypergraph and Multiple-graph Matching",
    journal = "IEEE Transactions on Pattern Analysis and Machine Intelligence",
    year = "2021"
}

@article{Li,
    author = "Tongyang Li, Yuexin Su, Ziyi Yang, and others",
    title = "Quantum Approximate Optimization Algorithms for Maxmimum Cut on Low-Girth Graphs",
    journal = "arXiv, 2024",
    year = "2024"
}

@article{HuaiYuan,
    author = "Huaiyuan Liu, Xianzhang Liu, Donghua Yang, and others",
    title = "An Unsupervised Learning Framework Combined with Heuristics for the Maximum Minimal Cut Problem",
    journal = "Knowledge Discovery and Data Mining (KDD ’24)",
    year = "2024"
}

@misc{ZLiu,
  title={KAN 2.0: Kolmogorov-Arnold Networks Meet Science},
  author={Z. M. Liu and P. C. Ma and Y. X. Wang and others},
  year={2024},
  eprint={2408.10205},
  archivePrefix={arXiv},
  primaryClass={cs.LG}
}

@InProceedings{Chmiela,
author="Antonia Chmiela, Gleixner Ambros, Lichocki Pawel, and Pokutta Sebastian",
editor="Cire, Andre A.",
title="Online Learning for Scheduling MIP Heuristics",
booktitle="Integration of Constraint Programming, Artificial Intelligence, and Operations Research",
year="2023",
publisher="Springer Nature Switzerland",
address="Cham",
pages="114--123"
}

@article{Karimi,
title = {A learning-based metaheuristic for a multi-objective agile inspection planning model under uncertainty},
journal = {European Journal of Operational Research},
volume = {285},
number = {2},
pages = {513-537},
year = {2020},
author = {Maryam Karimi-Mamaghan, Mehrdad Mohammadi, Payman Jula, Amir Pirayesh and Hadi Ahmadi}
}

@article{Chmiela2,
      title={Learning to Schedule Heuristics in Branch-and-Bound}, 
      author={Antonia Chmiela, Elias B. Khalil, Ambros Gleixner, Andrea Lodi and Sebastian Pokutta},
      year={2021},
      journal = {arXiv, 2021}
}

@inproceedings{Oztop,
  author    = {{\"O}ztop H., Tasgetiren M. F., Kandiller L., and Pan Q.-K.},
  title     = {A Novel General Variable Neighborhood Search through Q-Learning for No-Idle Flowshop Scheduling},
  booktitle = {IEEE Congress on Evolutionary Computation (CEC)},
  pages     = {1--8},
  year      = {2020},
  publisher = {IEEE}
}

@inproceedings{Khalil2,
  author    = {Elias B. Khalil, Bistra Dilkina, George L. Nemhauser, Shabbir Ahmed and Yufen Shao},
  title     = {Learning to Run Heuristics in Tree Search},
  booktitle = {International Joint Conference on
               Artificial Intelligence (IJCAI)},
  year      = {2017}
}

@article{Xinyu,
    author = "Xinyu Ye, Ge Yan, and Junchi Yan",
    title = "Towards Quantum Machine Learning for Constrained Combinatorial Optimization: a Quantum QAP Solver",
    journal = "International Conference on Machine Learning (ICML)",
    year = "2023"
}

@article{Karimi2,
title = {Learning to select operators in meta-heuristics: An integration of Q-learning into the iterated greedy algorithm for the permutation flowshop scheduling problem},
journal = {European Journal of Operational Research},
volume = {304},
number = {3},
pages = {1296-1330},
year = {2023},
author = {Maryam Karimi-Mamaghan, Mehrdad Mohammadi, Bastien Pasdeloup and Patrick Meyer}
}

@article{Benlic,
  title = {A hybrid breakout local search and reinforcement learning approach to the vertex separator problem},
  author = {Benlic Una, Epitropakis Michael G. and Burke Edmund K.},
  journal = {European Journal of Operational Research},
  volume = {261},
  number = {3},
  pages = {803--818},
  year = {2017},
  publisher = {Elsevier}
}

@article{Mosadegh,
  title={Stochastic mixed-model assembly line sequencing problem: Mathematical modeling and q-learning based simulated annealing hyper-heuristics},
  author={Mosadegh H., Ghomi S. F., and others},
  journal={European Journal of Operational Research},
  volume={282},
  number={2},
  pages={530--544},
  year={2020}
}

@inproceedings{Fairee,
  author    = {Fairee S., Khompatraporn C., Prom-on S. and Sirinaovakul B.},
  title     = {Combinatorial Artificial Bee Colony Optimization with Reinforcement Learning Updating for Travelling Salesman Problem},
  booktitle = {2019 16th International Conference on Electrical Engineering/Electronics, Computer, Telecommunications and Information Technology (ECTI-CON)},
  pages     = {93--96},
  year      = {2019},
  publisher = {IEEE}
}

@article{Huang,
    author = "Taoan Huang, Aaron M Ferber, Yuandong Tian, Bistra Dilkina, and others",
    title = "Searching large neighborhoods for integer linear programs with contrastive learning",
    journal = "International Conference on Machine Learning (ICML)",
    year = "2023"
}

@inproceedings{Tonshoff,
  title={One Model, Any CSP: Graph Neural Networks as Fast Global Search Heuristics for Constraint Satisfaction},
  author={T{\"o}nshoff, Jan and Kisin, Berke and Lindner, Jakob and Grohe, Martin},
  booktitle={International Joint Conference on Artificial Intelligence (IJCAI)},
  year={2023},
  organization={International Joint Conferences on Artificial Intelligence Organization},
  address={Macau, SAR, China}
}

@incollection{Achterberg,
  author    = {Tobias Achterberg and Roland Wunderling},
  title     = {Mixed Integer Programming: Analyzing 12 Years of Progress},
  booktitle = {Facets of Combinatorial Optimization: Festschrift for Martin Gr{\"o}tschel},
  pages     = {449--481},
  publisher = {Springer},
  year      = {2013}
}

@article{Angelini,
  author    = {Angelini, Maria Chiara and Ricci-Tersenghi, Federico},
  title     = {Modern Graph Neural Networks Do Worse Than Classical Greedy Algorithms in Solving Combinatorial Optimization Problems Like Maximum Independent Set},
  journal   = {Nature Machine Intelligence},
  volume    = {5},
  number    = {1},
  pages     = {29--31},
  year      = {2023}
}

@inproceedings{Lu,
  title={ROCO: A General Framework for Evaluating Robustness of Combinatorial Optimization Solvers on Graphs},
  author={Lu Han, Li Zenan, Wang Runzhong and others},
  booktitle={International Conference on Learning Representations (ICLR)},
  year={2023}
}